<?xml version="1.0" encoding="UTF-8"?>
<record xmlns="http://www.loc.gov/MARC21/slim" xmlns:xsi="http://www.w3.org/2001/XMLSchema-instance" xsi:schemaLocation="http://www.loc.gov/MARC21/slim http://www.loc.gov/standards/marcxml/schema/MARC21slim.xsd">
<leader>00000cam a22      a 4500</leader>
<controlfield tag="001">001685253</controlfield>
<controlfield tag="003">NNU</controlfield>
<controlfield tag="005">20160229170043.0</controlfield>
<controlfield tag="008">940920m19369999le       b    000 0 ara d</controlfield>
<datafield tag="035" ind1=" " ind2=" ">
<subfield code="a">(OCoLC)31148380</subfield>
<subfield code="z">(OCoLC)862567439</subfield>
</datafield>
<datafield tag="040" ind1=" " ind2=" ">
<subfield code="a">CUY</subfield>
<subfield code="b">eng</subfield>
<subfield code="c">CUY</subfield>
<subfield code="d">IUL</subfield>
<subfield code="d">OCLCQ</subfield>
<subfield code="d">OCLCA</subfield>
<subfield code="d">OCLCQ</subfield>
<subfield code="d">OCLCF</subfield>
</datafield>
<datafield tag="043" ind1=" " ind2=" ">
<subfield code="a">aw-----</subfield>
<subfield code="a">ff-----</subfield>
<subfield code="a">e-sp---</subfield>
</datafield>
<datafield tag="050" ind1=" " ind2="4">
<subfield code="a">DT96</subfield>
<subfield code="b">.I25 1936</subfield>
</datafield>
<datafield tag="100" ind1="1" ind2=" ">
<subfield code="6">880-01</subfield>
<subfield code="a">Ibn al-Furāt, Muḥammad ibn ʻAbd al-Raḥim,</subfield>
<subfield code="d">1334 or 1335-1405.</subfield>
</datafield>
<datafield tag="245" ind1="1" ind2="0">
<subfield code="6">880-02</subfield>
<subfield code="a">Tārīkh Ibn al-Furāt /</subfield>
<subfield code="c">li-Nāṣir al-Dīn Muḥammad ibn ʻAbd al-Raḥīm ibn al-Furāt ; ʻuniya bi-taḥrīr naṣṣihi wa-nashrihi Qusṭanṭīn Zurayq.</subfield>
</datafield>
<datafield tag="246" ind1="1" ind2=" ">
<subfield code="i">Title on added t.p.:</subfield>
<subfield code="a">History of Ibn al-Furāt</subfield>
</datafield>
<datafield tag="260" ind1=" " ind2=" ">
<subfield code="6">880-03</subfield>
<subfield code="a">Bayrūt :</subfield>
<subfield code="b">al-Maṭbaʻah al-Amīrkānīyah,</subfield>
<subfield code="c">1936-</subfield>
</datafield>
<datafield tag="300" ind1=" " ind2=" ">
<subfield code="a">volumes ;</subfield>
<subfield code="c">24 cm.</subfield>
</datafield>
<datafield tag="336" ind1=" " ind2=" ">
<subfield code="a">text</subfield>
<subfield code="b">txt</subfield>
<subfield code="2">rdacontent</subfield>
</datafield>
<datafield tag="337" ind1=" " ind2=" ">
<subfield code="a">unmediated</subfield>
<subfield code="b">n</subfield>
<subfield code="2">rdamedia</subfield>
</datafield>
<datafield tag="338" ind1=" " ind2=" ">
<subfield code="a">volume</subfield>
<subfield code="b">nc</subfield>
<subfield code="2">rdacarrier</subfield>
</datafield>
<datafield tag="490" ind1="1" ind2=" ">
<subfield code="a">Publications of the Faculty of arts and sciences.</subfield>
<subfield code="a">Oriental series ;</subfield>
<subfield code="v">no. 9-10, 14, 17</subfield>
</datafield>
<datafield tag="504" ind1=" " ind2=" ">
<subfield code="a">Includes bibliographical references.</subfield>
</datafield>
<datafield tag="651" ind1=" " ind2="0">
<subfield code="a">Islamic Empire</subfield>
<subfield code="x">History.</subfield>
</datafield>
<datafield tag="650" ind1=" " ind2="0">
<subfield code="a">Crusades</subfield>
<subfield code="y">Third, 1189-1192.</subfield>
</datafield>
<datafield tag="650" ind1=" " ind2="0">
<subfield code="a">Crusades</subfield>
<subfield code="y">Fourth, 1202-1204.</subfield>
</datafield>
<datafield tag="650" ind1=" " ind2="0">
<subfield code="a">Chronology, Historical.</subfield>
</datafield>
<datafield tag="611" ind1="2" ind2="7">
<subfield code="a">Crusades (Fourth, 1202-1204)</subfield>
<subfield code="2">fast</subfield>
<subfield code="0">(OCoLC)fst00884409</subfield>
</datafield>
<datafield tag="611" ind1="2" ind2="7">
<subfield code="a">Crusades (Third, 1189-1192)</subfield>
<subfield code="2">fast</subfield>
<subfield code="0">(OCoLC)fst00884419</subfield>
</datafield>
<datafield tag="650" ind1=" " ind2="7">
<subfield code="a">Chronology, Historical.</subfield>
<subfield code="2">fast</subfield>
<subfield code="0">(OCoLC)fst00860207</subfield>
</datafield>
<datafield tag="650" ind1=" " ind2="7">
<subfield code="a">Crusades.</subfield>
<subfield code="2">fast</subfield>
<subfield code="0">(OCoLC)fst00884401</subfield>
</datafield>
<datafield tag="651" ind1=" " ind2="7">
<subfield code="a">Islamic Empire.</subfield>
<subfield code="2">fast</subfield>
<subfield code="0">(OCoLC)fst01244134</subfield>
</datafield>
<datafield tag="655" ind1=" " ind2="7">
<subfield code="a">History.</subfield>
<subfield code="2">fast</subfield>
<subfield code="0">(OCoLC)fst01411628</subfield>
</datafield>
<datafield tag="700" ind1="1" ind2=" ">
<subfield code="6">880-04</subfield>
<subfield code="a">Zurayq, Qusṭanṭīn,</subfield>
<subfield code="d">1909-</subfield>
</datafield>
<datafield tag="776" ind1="0" ind2="8">
<subfield code="i">Online version:</subfield>
<subfield code="a">Ibn al-Furāt, Muḥammad ibn ʻAbd al-Raḥim, 1334 or 5-1405.</subfield>
<subfield code="t">Tārīkh Ibn al-Furāt.</subfield>
<subfield code="d">Bayrūt : al-Maṭbaʻah al-Amīrkānīyah, 1936-</subfield>
<subfield code="w">(OCoLC)609843434</subfield>
</datafield>
<datafield tag="880" ind1="1" ind2=" ">
<subfield code="6">100-01/</subfield>
<subfield code="a">ابن الفرات، محمد بن عبد الرحم،,</subfield>
<subfield code="d">1334 or 1335-1405.</subfield>
</datafield>
<datafield tag="880" ind1="1" ind2="0">
<subfield code="6">245-02/</subfield>
<subfield code="a">تاريخ ابن الفرات /</subfield>
<subfield code="c">لناصر الدين محمد بن عبد الرحيم بن الفرات ؛ عني بتحرير نصه ونشره قسطنطين زريق.</subfield>
</datafield>
<datafield tag="880" ind1=" " ind2=" ">
<subfield code="6">260-03/</subfield>
<subfield code="a">بيروت :</subfield>
<subfield code="b">المطبعة الاميركانية،</subfield>
<subfield code="c">1936-</subfield>
</datafield>
<datafield tag="880" ind1="1" ind2=" ">
<subfield code="6">700-04/</subfield>
<subfield code="a">زريق، قسطنطين،,</subfield>
<subfield code="d">1909-</subfield>
</datafield>
<datafield tag="830" ind1=" " ind2="0">
<subfield code="a">Publications of the Faculty of arts and sciences.</subfield>
<subfield code="t">Oriental series ;</subfield>
<subfield code="v">no. 9, etc.</subfield>
</datafield>
<datafield tag="OWN" ind1=" " ind2=" ">
<subfield code="a">GENERAL</subfield>
</datafield>
<datafield tag="AVA" ind1=" " ind2=" ">
<subfield code="a">NYU50</subfield>
<subfield code="b">BOBST</subfield>
<subfield code="c">Main Collection</subfield>
<subfield code="d">PJ25 .A6 no.9, 10, 14, 17</subfield>
<subfield code="e">unavailable</subfield>
<subfield code="t">Unavailable</subfield>
<subfield code="f">5</subfield>
<subfield code="g">5</subfield>
<subfield code="h">Y</subfield>
<subfield code="i">0</subfield>
<subfield code="j">MAIN</subfield>
<subfield code="k">0</subfield>
</datafield>
</record>
